@INPROCEEDINGS{2022-ade-densenet,
  author={Ade Irawan and Adam Marsono Putra and Hani Ramadhan},
  booktitle={2022 IEEE International Conference on Industry 4.0, Artificial Intelligence, and Communications Technology (IAICT)}, 
  title={A DenseNet Model for Joint Activity Recognition and Indoor Localization}, 
  year={2022},
  volume={},
  number={},
  pages={61-65}
}


@book{Python1,
  title={Belajar Pemrograman dan Hacking Menggunakan Python},
  author={Wardana},
  isbn={9786230010507},
  year={2019},
  publisher={PT Elex Media Komputindo}
}

@misc{program,
  title={Matematika dan Pemrograman},
  author={Sopandi Ahmad},
  howpublished = {\url
  {https://maths.id/matematika-pemrograman}},
  year={2016},
  month={Mei},
  publisher={},
  note={Diakses pada tanggal }
}

@misc{tabularray,
  title={Typeset Tabulars and Arrays with {LATEX3}},
  author={Jianrui Lyu},
  howpublished = {\url
  {https://ctan.math.illinois.edu/macros/latex/contrib/tabularray/tabularray.pdf}},
  year={2023},
  month={Maret},
  publisher={},
  note={Diakses pada tanggal 10 Maret 2023}
}